@IEEEtranBSTCTL{bstctl:etal,
  CTLuse_forced_etal = {yes},
  CTLmax_names_forced_etal = {3},
}

@IEEEtranBSTCTL{bstctl:nodash,
  CTLdash_repeated_names = {no},
}

@IEEEtranBSTCTL{bstctl:simpurl,
  CTLname_url_prefix = {Available: },
}

@inproceedings{qureshi2006utility,
  title={Utility-based cache partitioning: A low-overhead, high-performance, runtime mechanism to partition shared caches},
  author={Qureshi, Moinuddin K and Patt, Yale N},
  booktitle={Proceedings of the 39th Annual IEEE/ACM International Symposium on Microarchitecture},
  pages={423--432},
  year={2006},
  organization={IEEE Computer Society}
}

@inproceedings{zhuravlev2010addressing,
  title={Addressing shared resource contention in multicore processors via scheduling},
  author={Zhuravlev, Sergey and Blagodurov, Sergey and Fedorova, Alexandra},
  booktitle={ACM Sigplan Notices},
  volume={45},
  number={3},
  pages={129--142},
  year={2010},
  organization={ACM}
}

@inproceedings{cho2006managing,
  title={Managing distributed, shared L2 caches through OS-level page allocation},
  author={Cho, Sangyeun and Jin, Lei},
  booktitle={Proceedings of the 39th Annual IEEE/ACM International Symposium on Microarchitecture},
  pages={455--468},
  year={2006},
  organization={IEEE Computer Society}
}

@inproceedings{tam2009rapidmrc,
  title={RapidMRC: approximating L2 miss rate curves on commodity systems for online optimizations},
  author={Tam, David K and Azimi, Reza and Soares, Livio B and Stumm, Michael},
  booktitle={ACM SIGARCH Computer Architecture News},
  volume={37},
  number={1},
  pages={121--132},
  year={2009},
  organization={ACM}
}

@inproceedings{zhang2009towards,
  title={Towards practical page coloring-based multicore cache management},
  author={Zhang, Xiao and Dwarkadas, Sandhya and Shen, Kai},
  booktitle={Proceedings of the 4th ACM European conference on Computer systems},
  pages={89--102},
  year={2009},
  organization={ACM}
}

@inproceedings{lin2008gaining,
  title={Gaining insights into multicore cache partitioning: Bridging the gap between simulation and real systems},
  author={Lin, Jiang and Lu, Qingda and Ding, Xiaoning and Zhang, Zhao and Zhang, Xiaodong and Sadayappan, P},
  booktitle={2008 IEEE 14th International Symposium on High Performance Computer Architecture},
  pages={367--378},
  year={2008},
  organization={IEEE}
}

@inproceedings{herdrich2016cache,
  title={Cache QoS: From concept to reality in the Intel{\textregistered} Xeon{\textregistered} processor E5-2600 v3 product family},
  author={Herdrich, Andrew and Verplanke, Edwin and Autee, Priya and Illikkal, Ramesh and Gianos, Chris and Singhal, Ronak and Iyer, Ravi},
  booktitle={2016 IEEE International Symposium on High Performance Computer Architecture (HPCA)},
  pages={657--668},
  year={2016},
  organization={IEEE}
}

@inproceedings{lo2015heracles,
  title={Heracles: improving resource efficiency at scale},
  author={Lo, David and Cheng, Liqun and Govindaraju, Rama and Ranganathan, Parthasarathy and Kozyrakis, Christos},
  booktitle={ACM SIGARCH Computer Architecture News},
  volume={43},
  number={3},
  pages={450--462},
  year={2015},
  organization={ACM}
}

@article{lo2016improving,
  title={Improving resource efficiency at scale with Heracles},
  author={Lo, David and Cheng, Liqun and Govindaraju, Rama and Ranganathan, Parthasarathy and Kozyrakis, Christos},
  journal={ACM Transactions on Computer Systems (TOCS)},
  volume={34},
  number={2},
  pages={6},
  year={2016},
  publisher={ACM}
}

@inproceedings{chang2006cooperative,
  title={Cooperative caching for chip multiprocessors},
  author={Chang, Jichuan},
  booktitle={In Proceedings of the 33nd Annual International Symposium on Computer Architecture},
  year={2006}
}

@inproceedings{chang2014cooperative,
  title={Cooperative cache partitioning for chip multiprocessors},
  author={Chang, Jichuan and Sohi, Gurindar S},
  booktitle={ACM International Conference on Supercomputing 25th Anniversary Volume},
  pages={402--412},
  year={2014},
  organization={ACM}
}

@inproceedings{suh2014analytical,
  title={Analytical cache models with applications to cache partitioning},
  author={Suh, G Edward and Devadas, Srinivas and Rudolph, Larry},
  booktitle={ACM International Conference on Supercomputing 25th Anniversary Volume},
  pages={323--334},
  year={2014},
  organization={ACM}
}

@inproceedings{suh2002new,
  title={A new memory monitoring scheme for memory-aware scheduling and partitioning},
  author={Suh, G Edward and Devadas, Srinivas and Rudolph, Larry},
  booktitle={High-Performance Computer Architecture, 2002. Proceedings. Eighth International Symposium on},
  pages={117--128},
  year={2002},
  organization={IEEE}
}

@article{suh2004dynamic,
  title={Dynamic partitioning of shared cache memory},
  author={Suh, G Edward and Rudolph, Larry and Devadas, Srinivas},
  journal={The Journal of Supercomputing},
  volume={28},
  number={1},
  pages={7--26},
  year={2004},
  publisher={Springer}
}

@article{stone1992optimal,
  title={Optimal partitioning of cache memory},
  author={Stone, Harold S. and Turek, John and Wolf, Joel L.},
  journal={IEEE Transactions on computers},
  volume={41},
  number={9},
  pages={1054--1068},
  year={1992},
  publisher={IEEE}
}

@inproceedings{dybdahl2007adaptive,
  title={An adaptive shared/private nuca cache partitioning scheme for chip multiprocessors},
  author={Dybdahl, Haakon and Stenstrom, Per},
  booktitle={2007 IEEE 13th International Symposium on High Performance Computer Architecture},
  pages={2--12},
  year={2007},
  organization={IEEE}
}

@inproceedings{kim2004fair,
  title={Fair cache sharing and partitioning in a chip multiprocessor architecture},
  author={Kim, Seongbeom and Chandra, Dhruba and Solihin, Yan},
  booktitle={Proceedings of the 13th International Conference on Parallel Architectures and Compilation Techniques},
  pages={111--122},
  year={2004},
  organization={IEEE Computer Society}
}

@inproceedings{iyer2004cqos,
  title={CQoS: a framework for enabling QoS in shared caches of CMP platforms},
  author={Iyer, Ravi},
  booktitle={Proceedings of the 18th annual international conference on Supercomputing},
  pages={257--266},
  year={2004},
  organization={ACM}
}

@inproceedings{yeh2005fast,
  title={Fast and fair: data-stream quality of service},
  author={Yeh, Thomas Y and Reinman, Glenn},
  booktitle={Proceedings of the 2005 international conference on Compilers, architectures and synthesis for embedded systems},
  pages={237--248},
  year={2005},
  organization={ACM}
}

@inproceedings{rafique2006architectural,
  title={Architectural support for operating system-driven CMP cache management},
  author={Rafique, Nauman and Lim, Won-Taek and Thottethodi, Mithuna},
  booktitle={Proceedings of the 15th international conference on Parallel architectures and compilation techniques},
  pages={2--12},
  year={2006},
  organization={ACM}
}

@inproceedings{hsu2006communist,
  title={Communist, utilitarian, and capitalist cache policies on CMPs: caches as a shared resource},
  author={Hsu, Lisa R and Reinhardt, Steven K and Iyer, Ravishankar and Makineni, Srihari},
  booktitle={Proceedings of the 15th international conference on Parallel architectures and compilation techniques},
  pages={13--22},
  year={2006},
  organization={ACM}
}

@inproceedings {hu2016kinect,
author = {Hu, Xiameng and Wang, Xiaolin and Zhou, Lan and Luo, Yingwei and Ding, Chen and Wang, Zhenlin},
title = {Kinetic Modeling of Data Eviction in Cache},
booktitle = {2016 USENIX Annual Technical Conference (USENIX ATC 16)},
year = {2016},
isbn = {978-1-931971-30-0},
address = {Denver, CO},
pages = {351--364},
publisher = {USENIX Association}
}

@inproceedings{manikantan2012probabilistic,
  title={Probabilistic shared cache management (PriSM)},
  author={Manikantan, Raman and Rajan, Kaushik and Govindarajan, Ramaswamy},
  booktitle={ACM SIGARCH computer architecture news},
  volume={40},
  number={3},
  pages={428--439},
  year={2012},
  organization={IEEE Computer Society}
}

@inproceedings{chandra2005predicting,
  title={Predicting inter-thread cache contention on a chip multi-processor architecture},
  author={Chandra, Dhruba and Guo, Fei and Kim, Seongbeom and Solihin, Yan},
  booktitle={11th International Symposium on High-Performance Computer Architecture},
  pages={340--351},
  year={2005},
  organization={IEEE}
}

@article{mattson1970evaluation,
  title={Evaluation techniques for storage hierarchies},
  author={Mattson, Richard L. and Gecsei, Jan and Slutz, Donald R. and Traiger, Irving L.},
  journal={IBM Systems journal},
  volume={9},
  number={2},
  pages={78--117},
  year={1970},
  publisher={IBM Corp.}
}

@techreport{olken1981efficient,
  title={Efficient methods for calculating the success function of fixed-space replacement policies},
  author={Olken, Frank},
  year={1981},
  institution={Lawrence Berkeley Lab., CA (USA)}
}

@article{west2010online,
  title={Online cache modeling for commodity multicore processors},
  author={West, Richard and Zaroo, Puneet and Waldspurger, Carl A and Zhang, Xiao},
  journal={ACM SIGOPS Operating Systems Review},
  volume={44},
  number={4},
  pages={19--29},
  year={2010},
  publisher={ACM}
}

@inproceedings {funaro2016ginseng,
author = {Liran Funaro and Orna Agmon Ben-Yehuda and Assaf Schuster},
title = {Ginseng: Market-Driven LLC Allocation},
booktitle = {2016 USENIX Annual Technical Conference (USENIX ATC 16)},
year = {2016},
isbn = {978-1-931971-30-0},
address = {Denver, CO},
pages = {295--308},
publisher = {USENIX Association},
}

@inproceedings{eklov2010statstack,
  title={StatStack: Efficient modeling of LRU caches},
  author={Eklov, David and Hagersten, Erik},
  booktitle={Performance Analysis of Systems \& Software (ISPASS), 2010 IEEE International Symposium on},
  pages={55--65},
  year={2010},
  organization={IEEE}
}

@inproceedings{xiang2011all,
  title={All-window profiling and composable models of cache sharing},
  author={Xiang, Xiaoya and Bao, Bin and Bai, Tongxin and Ding, Chen and Chilimbi, Trishul},
  booktitle={ACM SIGPLAN Notices},
  volume={46},
  number={8},
  pages={91--102},
  year={2011},
  organization={ACM}
}

@inproceedings{xiang2011linear,
  title={Linear-time modeling of program working set in shared cache},
  author={Xiang, Xiaoya and Bao, Bin and Ding, Chen and Gao, Yaoqing},
  booktitle={Parallel Architectures and Compilation Techniques (PACT), 2011 International Conference on},
  pages={350--360},
  year={2011},
  organization={IEEE}
}

@inproceedings{liu2004organizing,
  title={Organizing the last line of defense before hitting the memory wall for CMPs},
  author={Liu, Chun and Sivasubramaniam, Anand and Kandemir, Mahmut},
  booktitle={Software, IEE Proceedings-},
  pages={176--185},
  year={2004},
  organization={IEEE}
}

@inproceedings{luo2001balancing,
  title={Balancing thoughput and fairness in SMT processors},
  author={Luo, Kun and Gummaraju, Jayanth and Franklin, Manoj},
  booktitle={Performance Analysis of Systems and Software, 2001. ISPASS. 2001 IEEE International Symposium on},
  pages={164--171},
  year={2001},
  organization={IEEE}
}

@article{aarts1988simulated,
  title={Simulated annealing and Boltzmann machines},
  author={Aarts, Emile and Korst, Jan},
  year={1988},
  publisher={New York, NY; John Wiley and Sons Inc.}
}

@article{hwang1988simulated,
  title={Simulated annealing: theory and applications},
  author={Hwang, Chii-Ruey},
  journal={Acta Applicandae Mathematicae},
  volume={12},
  number={1},
  pages={108--111},
  year={1988},
  publisher={Springer}
}

@Misc{pqos,
howpublished = {\url{https://github.com/01org/intel-cmt-cat/tree/master/pqos}},
title = {User space software for Intel Resource Director Technology},
}

@inproceedings{luk2005pin,
 author = {Luk, Chi-Keung and Cohn, Robert and Muth, Robert and Patil, Harish and Klauser, Artur and Lowney, Geoff and Wallace, Steven and Reddi, Vijay Janapa and Hazelwood, Kim},
 title = {Pin: Building Customized Program Analysis Tools with Dynamic Instrumentation},
 booktitle = {Proceedings of the 2005 ACM SIGPLAN Conference on Programming Language Design and Implementation},
 series = {PLDI '05},
 year = {2005},
 isbn = {1-59593-056-6},
 location = {Chicago, IL, USA},
 pages = {190--200},
 numpages = {11},
 url = {http://doi.acm.org/10.1145/1065010.1065034},
 doi = {10.1145/1065010.1065034},
 acmid = {1065034},
 publisher = {ACM},
 address = {New York, NY, USA},
 keywords = {dynamic compilation, instrumentation, program analysis tools},
} 

@inproceedings{xie2009pipp,
  title={PIPP: promotion/insertion pseudo-partitioning of multi-core shared caches},
  author={Xie, Yuejian and Loh, Gabriel H},
  booktitle={ACM SIGARCH Computer Architecture News},
  volume={37},
  number={3},
  pages={174--183},
  year={2009},
  organization={ACM}
}

@inproceedings{sanchez2011vantage,
  title={Vantage: scalable and efficient fine-grain cache partitioning},
  author={Sanchez, Daniel and Kozyrakis, Christos},
  booktitle={ACM SIGARCH Computer Architecture News},
  volume={39},
  number={3},
  pages={57--68},
  year={2011},
  organization={ACM}
}

@inproceedings{qureshi2007adaptive,
  title={Adaptive insertion policies for high performance caching},
  author={Qureshi, Moinuddin K and Jaleel, Aamer and Patt, Yale N and Steely, Simon C and Emer, Joel},
  booktitle={ACM SIGARCH Computer Architecture News},
  volume={35},
  number={2},
  pages={381--391},
  year={2007},
  organization={ACM}
}

@inproceedings{srikantaiah2009sharp,
  title={SHARP control: controlled shared cache management in chip multiprocessors},
  author={Srikantaiah, Shekhar and Kandemir, Mahmut and Wang, Qian},
  booktitle={Proceedings of the 42nd Annual IEEE/ACM International Symposium on Microarchitecture},
  pages={517--528},
  year={2009},
  organization={ACM}
}

@article{eyerman2008system,
  title={System-level performance metrics for multiprogram workloads},
  author={Eyerman, Stijn and Eeckhout, Lieven},
  journal={IEEE micro},
  volume={28},
  number={3},
  year={2008},
  publisher={IEEE}
}

@article{snavely2000symbiotic,
  title={Symbiotic jobscheduling for a simultaneous mutlithreading processor},
  author={Snavely, Allan and Tullsen, Dean M},
  journal={ACM SIGPLAN Notices},
  volume={35},
  number={11},
  pages={234--244},
  year={2000},
  publisher={ACM}
}

@inproceedings{wang2015optimal,
  title={Optimal footprint symbiosis in shared cache},
  author={Wang, Xiaolin and Li, Yechen and Luo, Yingwei and Hu, Xiameng and Brock, Jacob and Ding, Chen and Wang, Zhenlin},
  booktitle={Cluster, Cloud and Grid Computing (CCGrid), 2015 15th IEEE/ACM International Symposium on},
  pages={412--422},
  year={2015},
  organization={IEEE}
}

@inproceedings{brock2015optimal,
  title={Optimal cache partition-sharing},
  author={Brock, Jacob and Ye, Chencheng and Ding, Chen and Li, Yechen and Wang, Xiaolin and Luo, Yingwei},
  booktitle={Parallel Processing (ICPP), 2015 44th International Conference on},
  pages={749--758},
  year={2015},
  organization={IEEE}
}

@inproceedings{soares2008reducing,
  title={Reducing the harmful effects of last-level cache polluters with an OS-level, software-only pollute buffer},
  author={Soares, Livio and Tam, David and Stumm, Michael},
  booktitle={Proceedings of the 41st annual IEEE/ACM International Symposium on Microarchitecture},
  pages={258--269},
  year={2008},
  organization={IEEE Computer Society}
}

@inproceedings{tam2007managing,
  title={Managing shared L2 caches on multicore systems in software},
  author={Tam, David and Azimi, Reza and Soares, Livio and Stumm, Michael},
  booktitle={Workshop on the Interaction between Operating Systems and Computer Architecture},
  pages={26--33},
  year={2007},
  organization={Citeseer}
}

@article{azimi2009enhancing,
  title={Enhancing operating system support for multicore processors by using hardware performance monitoring},
  author={Azimi, Reza and Tam, David K and Soares, Livio and Stumm, Michael},
  journal={ACM SIGOPS Operating Systems Review},
  volume={43},
  number={2},
  pages={56--65},
  year={2009},
  publisher={ACM}
}

@inproceedings{lu2009soft,
  title={Soft-olp: Improving hardware cache performance through software-controlled object-level partitioning},
  author={Lu, Qingda and Lin, Jiang and Ding, Xiaoning and Zhang, Zhao and Zhang, Xiaodong and Sadayappan, P},
  booktitle={Parallel Architectures and Compilation Techniques, 2009. PACT'09. 18th International Conference on},
  pages={246--257},
  year={2009},
  organization={IEEE}
}